<record><leader>00000cas a22000007a 4500</leader><controlfield tag="001">29790844</controlfield><controlfield tag="008">940211d19391940akuwr ne      0    0eng d</controlfield><datafield ind1=" " ind2=" " tag="010"><subfield code="a">sn 94050013 </subfield></datafield><datafield ind1=" " ind2=" " tag="040"><subfield code="a">ANE</subfield><subfield code="b">eng</subfield><subfield code="c">ANE</subfield><subfield code="d">OCLCQ</subfield><subfield code="d">OCLCF</subfield><subfield code="d">OCLCO</subfield></datafield><datafield ind1="1" ind2=" " tag="029"><subfield code="a">AU@</subfield><subfield code="b">000010884627</subfield></datafield><datafield ind1=" " ind2=" " tag="042"><subfield code="a">msc</subfield></datafield><datafield ind1=" " ind2=" " tag="043"><subfield code="a">n-us-ak</subfield></datafield><datafield ind1="0" ind2=" " tag="130"><subfield code="a">Northern star (Sitka, Alaska)</subfield></datafield><datafield ind1="1" ind2="4" tag="245"><subfield code="a">The northern star.</subfield></datafield><datafield ind1=" " ind2=" " tag="260"><subfield code="a">Sitka, Alaska :</subfield><subfield code="b">[s.n.],</subfield><subfield code="c">-1940.</subfield></datafield><datafield ind1=" " ind2=" " tag="300"><subfield code="a">v.</subfield></datafield><datafield ind1=" " ind2=" " tag="310"><subfield code="a">Weekly</subfield></datafield><datafield ind1="1" ind2=" " tag="362"><subfield code="a">Began in 1939?</subfield></datafield><datafield ind1="0" ind2=" " tag="362"><subfield code="a">-v. 2, no. 10 (Apr. 26, 1940).</subfield></datafield><datafield ind1=" " ind2=" " tag="588"><subfield code="a">Description based on: Vol. 1, no. 19 (Jan. 12, 1940).</subfield></datafield><datafield ind1=" " ind2="0" tag="651"><subfield code="a">Sitka (Alaska)</subfield><subfield code="v">Newspapers.</subfield></datafield><datafield ind1=" " ind2="7" tag="655"><subfield code="a">Newspapers.</subfield><subfield code="2">fast</subfield><subfield code="0">(OCoLC)fst01423814</subfield></datafield><datafield ind1=" " ind2="7" tag="651"><subfield code="a">Alaska</subfield><subfield code="z">Sitka.</subfield><subfield code="2">fast</subfield><subfield code="0">(OCoLC)fst01218734</subfield></datafield><datafield ind1=" " ind2=" " tag="752"><subfield code="a">United States</subfield><subfield code="b">Alaska</subfield><subfield code="d">Sitka.</subfield></datafield><datafield ind1="0" ind2="0" tag="785"><subfield code="t">Sitka Alaskan</subfield><subfield code="w">(DLC)sn 94050007</subfield><subfield code="w">(OCoLC)29769643</subfield></datafield></record>